@misc{lexical_scanning_in_go,
	title={Lexical Scanning in Go},
	author={Rob Pike},
	howpublished={Talk given at Google Technology User Group in 2011},
	note={[Online] Available: \url{https://www.youtube.com/watch?v=HxaD_trXwRE}. [Accessed: 14 Mar 2016]},
}

@misc{c11_spec,
	title={WG14 N1548 Committee Draft ISO/IEC 9899:201x},
	year={2010},
	publisher={International Standards Organization},
	note={[Online] Available: \url{http://www.open-std.org/jtc1/sc22/wg14/www/docs/n1548.pdf}. [Accessed: 24 Mar 2016]},
}
